<?xml version="1.0" encoding="UTF-8"?><collection xmlns="http://www.loc.gov/MARC21/slim"><record><leader>00554nam--2200205-u-4500</leader><controlfield tag="001">000055191</controlfield><controlfield tag="002">20161230</controlfield><controlfield tag="005">20161230201052</controlfield><controlfield tag="008">121121s1000------------r-----000-0-rus-d</controlfield><datafield ind1=" " ind2=" " tag="040"><subfield code="a">IFIN-HH</subfield></datafield><datafield ind1=" " ind2=" " tag="041"><subfield code="a">rus</subfield></datafield><datafield ind1=" " ind2=" " tag="080"><subfield code="a">548.12:538.9</subfield></datafield><datafield ind1="1" ind2=" " tag="100"><subfield code="a">Knox, Robert S</subfield></datafield><datafield ind1="1" ind2="0" tag="245"><subfield code="a">Simmetria v tverdom tele</subfield><subfield code="c">Robert s. konx, albert gold</subfield></datafield><datafield ind1=" " ind2=" " tag="260"><subfield code="a">Moskva</subfield><subfield code="b">Nauka</subfield><subfield code="c">1970</subfield></datafield><datafield ind1=" " ind2=" " tag="300"><subfield code="a">424P</subfield></datafield><datafield ind1=" " ind2=" " tag="500"><subfield code="a">Titlul Original In Limba Engleza: Symmetry In The Solid State</subfield></datafield><datafield ind1="1" ind2=" " tag="700"><subfield code="a">Gold, Albert</subfield></datafield><datafield ind1=" " ind2=" " tag="852"><subfield code="a">75028</subfield><subfield code="c">539.2</subfield></datafield><datafield ind1=" " ind2=" " tag="CAT"><subfield code="a">Sys</subfield><subfield code="c">20121121</subfield><subfield code="h">123819</subfield></datafield></record></collection>